<?xml version="1.0" encoding="UTF-8"?><collection><record><leader>06735ntm a2200589 a 4500</leader><controlfield tag="001">006819640</controlfield><controlfield tag="003">MiAaHDL</controlfield><controlfield tag="005">20190719000000.0</controlfield><controlfield tag="006">m        d        </controlfield><controlfield tag="007">cr bn ---auaua</controlfield><controlfield tag="008">090617q17701830xx            00| ||ota d</controlfield><datafield tag="035" ind1=" " ind2=" "><subfield code="a">(MiU)006819640</subfield></datafield><datafield tag="035" ind1=" " ind2=" "><subfield code="a">sdr-miu006819640</subfield></datafield><datafield tag="040" ind1=" " ind2=" "><subfield code="a">MiU</subfield><subfield code="c">MiU</subfield><subfield code="e">amremm</subfield></datafield><datafield tag="043" ind1=" " ind2=" "><subfield code="a">n-us-mi</subfield></datafield><datafield tag="100" ind1="0" ind2=" "><subfield code="6">880-01</subfield><subfield code="a">Atıf Mehmet Emin Efendi,</subfield><subfield code="d">d. 1771?</subfield></datafield><datafield tag="245" ind1="1" ind2="0"><subfield code="6">880-03</subfield><subfield code="a">Münşeat,</subfield><subfield code="f">[late 18th or early 19th century?].</subfield></datafield><datafield tag="246" ind1="3" ind2=" "><subfield code="a">İnşâ</subfield></datafield><datafield tag="246" ind1="3" ind2=" "><subfield code="i">Title from label on upper board lining:</subfield><subfield code="a">انشا</subfield></datafield><datafield tag="246" ind1="3" ind2=" "><subfield code="i">Title from cover label:</subfield><subfield code="a">منشات</subfield></datafield><datafield tag="260" ind1=" " ind2=" "><subfield code="c">[1770-1830?].</subfield></datafield><datafield tag="300" ind1=" " ind2=" "><subfield code="a">40 leaves :</subfield><subfield code="b">paper ;</subfield><subfield code="c">236 x 145 (156 x 67) mm.</subfield></datafield><datafield tag="500" ind1=" " ind2=" "><subfield code="a">Shelfmark: Ann Arbor, University of Michigan, Special Collections Library, Isl. Ms. 856</subfield></datafield><datafield tag="500" ind1=" " ind2=" "><subfield code="a">Origin: Lacks dated colophon ; paper, etc. would suggest late 18th century though excerpt on p.78 (which appears to be a later addition) reports an event dated to 11 Jumādá II 1236 [ca. 16 March 1821] and would thus have been entered after that date.</subfield></datafield><datafield tag="500" ind1=" " ind2=" "><subfield code="a">Accompanying materials: a. Slip with description (in hand of E. Husselman ?) "Muḥammad Emin, Effendi. | Inshā | Many Insha's in BMCat. of Turk. MSS. but not this. nf. in U of M MSS" (paginated pp.1-2) -- b. Slip with notes in hand of Eleazar Birnbaum "Compiler: MEḤMED EMĪN efendi, died near end of 1184 AH (Jan-Mar 1771) | Title: [INŞA or MÜNŞEʼĀT] | In Ottoman Turkish | A collection of stylistic pieces compiled by Mehmed Emīn from documents while he was secretary to DURRĪ Meḥmed efendi | Eleazar Birnbaum JUNE 17 1964" (paginated pp.3-4).</subfield></datafield><datafield tag="500" ind1=" " ind2=" "><subfield code="a">Former shelfmark: Mich. Isl. Ms. temp. no. 5</subfield></datafield><datafield tag="500" ind1=" " ind2=" "><subfield code="a">Binding: Pasteboards covered in dark brown leather ; Type III binding (without flap) ; board linings in untinted laid paper, hinges in marbled paper (mainly blue and white) ; upper and lower covers carry tooled and gold painted borders in a series of s-shaped stamps with defining fillets ; label on upper cover carries title and script ("منشات تعليق") ; originally sewn in pale yellow thread, two stations, failed or failing with some gatherings now reinforced in black or white thread, gatherings loose ; endbands virtually gone with only traces of primaries ; overall in somewhat poor condition with lifting and losses of spine leather, abrasion, staining, etc.</subfield></datafield><datafield tag="500" ind1=" " ind2=" "><subfield code="a">Support: European laid paper with 12 laid lines per cm. (vertical), chain lines spaced 21 mm. apart (horizontal) and watermarks of lion rampant on ball in scrollwork (see p.8, 10, 14, 15, 74, 75, etc.), another lion rampant in scrollwork (see p.72, 77, etc.) and "DV" alone (see p.12, 18, 28, 41, etc.) and under diadem (see p.66 and 83 and compare Nikolaev no.569 with three crescents dated 1773) ; thin and transluscent though sturdy, buff to pale yellow in color, well-sized and burnished.</subfield></datafield><datafield tag="500" ind1=" " ind2=" "><subfield code="a">Decoration: Fine illuminated headpiece (ʻuwnān / sarlawḥ) at opening on p.6 consisting of scalloped w-shaped piece filled with floral vegetal decoration in gold, pink and green, surmounted by vertical stalks (tīgh) in blue and red ; written area of incipit and facing page surrounded by gold frame, elsewhere written area surrounded by red rule-border ; overlining (section headings, etc.) in red.</subfield></datafield><datafield tag="500" ind1=" " ind2=" "><subfield code="a">Script: Nastaʻlīq (talik) ; fine Turkish hand ; serifless with marked effect of tilt to the right and slight effect of words descending to baseline, elongation and somewhat exaggerated thickness of horizontal strokes, mainly closed counters.</subfield></datafield><datafield tag="500" ind1=" " ind2=" "><subfield code="a">Layout: Written in 21 line per page ; frame-ruled.</subfield></datafield><datafield tag="500" ind1=" " ind2=" "><subfield code="a">Collation: 4 V(40) ; exclusively quinions ; final leaves ruled but left blank ; catchwords present ; pagination in pencil, Western numerals, supplied during digitization (include inserts).</subfield></datafield><datafield tag="500" ind1=" " ind2=" "><subfield code="a">Incipit: "طرح افكن نو زمين علم انشا اعجاز نماى طرق حسن بيان واملا بيكيوز سكسن درت سنه سى اواخرنده اناطولى صدارندن منفصلا واصل رحمت ربانى اولان اديب كامل بليغ كريم الخصائل عاطف محمد امين افندى جنابلريكه اوائل زمان محمود خانيده متكا پیراى مشيخت اسلاميه مرحوم مغفور له درى محمد افندى حضرتلرينك مدت معلومه مكتوبجيلر يكن جمع وترتيب اولنان منشأت بديعه ..."</subfield></datafield><datafield tag="500" ind1=" " ind2=" "><subfield code="a">Title from inscription on 'title page' (p.5).</subfield></datafield><datafield tag="500" ind1=" " ind2=" "><subfield code="a">Ms. codex.</subfield></datafield><datafield tag="510" ind1="4" ind2=" "><subfield code="a">Nikolaev, Vsevolod. Watermarks of the mediaeval Ottoman documents in Bulgarian libraries. In Watermarks of the Ottoman Empire, volume 1. Sofia: Bulgarian Academy of Sciences, 1954.</subfield></datafield><datafield tag="510" ind1="4" ind2=" "><subfield code="a">Roemer, H.R. "Inshāʾ (inshā)." In EI2,</subfield><subfield code="c">vol. III, p.1241, col. 2</subfield></datafield><datafield tag="520" ind1="8" ind2=" "><subfield code="a">Fine copy of a collection of letters compiled by Atıf Mehmet Emin Efendi (d.1771) while he served as secretary (mektupçu / مكتوبجى) for şeyhülislam Dürri Mehmet Efendi (d.1736) during the early part of the reign of Mahmut I (r.1730-1754) (see opening matter on p.6). For another copy compare Isl. Ms. 420.</subfield></datafield><datafield tag="538" ind1=" " ind2=" "><subfield code="a">Mode of access: Internet.</subfield></datafield><datafield tag="541" ind1=" " ind2=" "><subfield code="c">Gift ;</subfield><subfield code="a">Acquired from Frank E. Nuttall (1875-1943).</subfield></datafield><datafield tag="546" ind1=" " ind2=" "><subfield code="a">Ottoman Turkish.</subfield></datafield><datafield tag="561" ind1=" " ind2=" "><subfield code="a">Several inventory marks on upper board lining in ink and pencil ; label on upper board lining with inscription in French, brown ink, describing manuscript in terms of language, contents, decoration, etc. "Turc. انشا | formulaire de lettres de Mohammed emin efendi, mort vers la fin de l'au 1184..." ; inscription with title and former inventory mark or price on 'title page' (p.5) ; on lower board lining, various inventory marks and indications of extent as well as round paper label with depiction of tower, palms, etc. and encircling text "MAISONNEUVE ET Cie EDITEURS | A LA TOUR DE BABEL" ; fairly clean copy.</subfield></datafield><datafield tag="600" ind1="0" ind2="0"><subfield code="a">Dürri Mehmet Efendi,</subfield><subfield code="d">d. 1736</subfield><subfield code="v">Correspondence.</subfield></datafield><datafield tag="650" ind1=" " ind2="0"><subfield code="a">Manuscripts, Turkish</subfield><subfield code="z">Michigan</subfield><subfield code="z">Ann Arbor.</subfield></datafield><datafield tag="650" ind1=" " ind2="0"><subfield code="a">Turkish prose literature</subfield><subfield code="v">Early works to 1800.</subfield></datafield><datafield tag="650" ind1=" " ind2="0"><subfield code="a">Letter writing, Turkish</subfield><subfield code="y">18th century.</subfield></datafield><datafield tag="651" ind1=" " ind2="0"><subfield code="a">Turkey</subfield><subfield code="x">History</subfield><subfield code="y">Mahmud I, 1730-1754</subfield><subfield code="v">Sources.</subfield></datafield><datafield tag="655" ind1=" " ind2="7"><subfield code="a">Headpieces (Layout features)</subfield><subfield code="y">18th century.</subfield><subfield code="2">aat</subfield></datafield><datafield tag="700" ind1="1" ind2=" "><subfield code="a">Nuttall, Frank E.,</subfield><subfield code="d">1875-1943,</subfield><subfield code="e">former owner.</subfield></datafield><datafield tag="773" ind1="0" ind2=" "><subfield code="a">F. E. Nuttall Collection.</subfield></datafield><datafield tag="880" ind1="1" ind2="0"><subfield code="6">245-03/</subfield><subfield code="a">منشأت,</subfield><subfield code="f">[اواخر الرقن 18م او اوائل القرن 19م؟].</subfield></datafield><datafield tag="880" ind1="0" ind2=" "><subfield code="6">100-01/</subfield><subfield code="a">عاطف محمد امين افندى.</subfield></datafield><datafield tag="CID" ind1=" " ind2=" "><subfield code="a">006819640</subfield></datafield><datafield tag="DAT" ind1="0" ind2=" "><subfield code="a">20190719102639.0</subfield><subfield code="b">20190719000000.0</subfield></datafield><datafield tag="DAT" ind1="1" ind2=" "><subfield code="a">20190719090653.0</subfield><subfield code="b">2019-07-19T16:12:03Z</subfield></datafield><datafield tag="DAT" ind1="2" ind2=" "><subfield code="a">2015-10-02T18:00:03Z</subfield></datafield><datafield tag="CAT" ind1=" " ind2=" "><subfield code="a">SDR-MIU</subfield><subfield code="d">EX LIBRIS - ALEPH</subfield><subfield code="l">prepare.pl-004-008</subfield></datafield><datafield tag="FMT" ind1=" " ind2=" "><subfield code="a">BK</subfield></datafield><datafield tag="HOL" ind1=" " ind2=" "><subfield code="0">sdr-miu006819640</subfield><subfield code="a">MiU</subfield><subfield code="b">SDR</subfield><subfield code="c">MIU</subfield><subfield code="p">mdp.39015079130434</subfield><subfield code="s">MIU</subfield><subfield code="1">006819640</subfield></datafield><datafield tag="974" ind1=" " ind2=" "><subfield code="b">MIU</subfield><subfield code="c">MIU</subfield><subfield code="d">20190719</subfield><subfield code="s">lit-dlps-dc</subfield><subfield code="u">mdp.39015079130434</subfield><subfield code="y">1830</subfield><subfield code="r">pd</subfield><subfield code="q">bib</subfield><subfield code="t">non-US bib date2 &lt; 1896</subfield></datafield></record></collection>